<record><leader>00000cas a22000007a 4500</leader><controlfield tag="001">9805487</controlfield><controlfield tag="008">830812c19529999wvuwr ne      0   a0eng d</controlfield><controlfield tag="009">467</controlfield><datafield ind1=" " ind2=" " tag="010"><subfield code="a">sn 83002386 </subfield></datafield><datafield ind1=" " ind2=" " tag="040"><subfield code="a">NSD</subfield><subfield code="b">eng</subfield><subfield code="c">NSD</subfield><subfield code="d">WVC</subfield><subfield code="d">DLC</subfield><subfield code="d">MFN</subfield><subfield code="d">OCL</subfield><subfield code="d">OCLCQ</subfield></datafield><datafield ind1=" " ind2=" " tag="012"><subfield code="l">1</subfield><subfield code="m">1</subfield></datafield><datafield ind1="1" ind2=" " tag="022"><subfield code="a">0736-5497</subfield><subfield code="l">0736-5497</subfield><subfield code="2">1</subfield></datafield><datafield ind1="1" ind2=" " tag="029"><subfield code="a">AU@</subfield><subfield code="b">000025811386</subfield></datafield><datafield ind1=" " ind2=" " tag="032"><subfield code="a">233920</subfield><subfield code="b">USPS</subfield></datafield><datafield ind1=" " ind2=" " tag="042"><subfield code="a">nsdp</subfield></datafield><datafield ind1=" " ind2="4" tag="222"><subfield code="a">The Hampshire review and the South Branch intelligencer</subfield></datafield><datafield ind1="0" ind2="4" tag="245"><subfield code="a">The Hampshire review and the South Branch intelligencer.</subfield></datafield><datafield ind1="1" ind2="7" tag="246"><subfield code="a">Hampshire review</subfield></datafield><datafield ind1=" " ind2=" " tag="260"><subfield code="a">Romney, W. Va. :</subfield><subfield code="b">Cornwell,</subfield><subfield code="c">1952-</subfield></datafield><datafield ind1=" " ind2=" " tag="310"><subfield code="a">Weekly</subfield></datafield><datafield ind1="0" ind2=" " tag="362"><subfield code="a">Vol. 68, no. 36 (Aug. 6, 1952)-</subfield></datafield><datafield ind1="0" ind2="0" tag="780"><subfield code="t">Hampshire review (Romney, W.Va. : 1920)</subfield><subfield code="w">(DLC)sn 84059682</subfield></datafield><datafield ind1=" " ind2=" " tag="936"><subfield code="a">July 27, 1983</subfield></datafield></record>